\usepackage{url}

@misc{OpenZeppelin,
author = {OpenZeppelin},
title = {OpenZeppelin-Solidity},
year = {2019}, 
howpublished = "\url{https://github.com/OpenZeppelin/openzeppelin-solidity/tree/81e36d2e74ee8218339028bdf97a4e9116a5da6a/}"}
}


@misc{TokenMarketNet,
author = {TokenMarketNet},
title = {TokenMarketNet/smart-contracts},
year = {2019}, 
howpublished = "\url{https://github.com/TokenMarketNet/smart-contracts/tree/067e241dffb7c7865b0f7628a875d285c7cd894c}"}
}